%%%%%%%%%%%%%%%%%%%%%%%%%%%%%%%%%%%%%%%%%%%%%%%%%%%%%%%%%%%%%%%%%%%%%%%%%%%%%%%%
%%%%%%%%%%%%%%%%%%%% INSERINDO COMENTÁRIOS EM ARQUIVOS .bib %%%%%%%%%%%%%%%%%%%%
%%%%%%%%%%%%%%%%%%%%%%%%%%%%%%%%%%%%%%%%%%%%%%%%%%%%%%%%%%%%%%%%%%%%%%%%%%%%%%%%
%
% 1. Como em outros arquivos LaTeX, comentários são iniciados por "%" e,
%    portanto, é preciso usar "\%" para imprimir o caractere "%". Esquecer
%    disso pode gerar erros difíceis de encontrar!
%
% 2. Não é possível inserir comentários dentro de uma entrada, apenas fora.
%
% 3. Não é possível incluir o caractere arroba em um comentário.
%
% 4. Se quiser desabilitar temporariamente um campo ("comentar" o campo),
%    troque seu nome para algum nome inválido, como "author-disable".
%    Se quiser fazer alguma observação permanente dentro de uma entrada,
%    você também pode usar algum nome de campo inválido, como "lembrete",
%    ou usar o campo "annotation", que normalmente é ignorado.
%
% 5. Se quiser desabilitar temporariamente uma entrada inteira ("comentar" a
%    entrada), não basta colocar "%" nas linhas correspondentes por causa do
%    caractere arroba; também é preciso remover a arroba.
%
% 6. Na verdade, as regras não são bem essas, mas segui-las é uma boa ideia:
%    https://tex.stackexchange.com/a/262282


% Esta entrada está comentada, ou seja, não tem efeito: se houvesse uma
% referência a ela no texto, a referência ficaria inválida. Observe que,
% para isso, o caractere arroba foi apagado!
%Book{JW82,
% author    = {Richard A. Johnson and Dean W. Wichern},
% title     = {Applied Multivariate Statistical Analysis},
% publisher = {Prentice-Hall},
% year      = {1983}
%}

% Esta entrada não está em uso em tese.tex, apenas em
% apresentacao.tex, mas isso não é um problema: você pode
% ter um banco de dados com todos os papers que são de seu
% interesse e, em um dado texto, citar apenas alguns deles.
@Article{morris:78,
  author    = {Robert Morris},
  title     = {Counting large numbers of events in small registers},
  journal   = {Communications of the ACM},
  volume    = {21},
  pages     = {840-842},
  year      = {1978},
  url       = {https://doi.org/10.1145/359619.359627},
  urldate   = {2021-08-20}
}

@Article{flajolet:martin:85, 
  author    = {Philippe Flajolet and Nigel Martin}, 
  title     = {Probabilistic Counting Algorithms for Data Base Applications}, 
  journal   = {Journal of Computer and System Sciences},
  volume    = {31},
  pages     = {182-209},
  year      = {1985},
  url       = {https://dsf.berkeley.edu/cs286/papers/flajoletmartin-jcss1985.pdf},
  urldate   = {2021-08-30},
}

@Article{adptive:sampling:90, 
  author    = {Philippe Flajolet}, 
  title     = {On adaptive sampling}, 
  journal   = {Computing},
  volume    = {43},
  pages     = {391-400},
  year      = {1990},
  url       = {https://link.springer.com/article/10.1007%2FBF02241657},
  urldate   = {2021-10-11},
}

@Misc{ApproximateCountingAlgorithm,
  author    = {Wikipedia},
  title     = {Approximate counting algorithm},
  url       = {https://en.wikipedia.org/wiki/Approximate_counting_algorithm},
  urldate   = {2021-08-22},
}

@Misc{LectureNotesAndoni,
  author    = {Alexandr Andoni},
  title     = {Lecture 2 – Approximate Counting and Hashing},
  year      = {2017},
  url       = {https://www.mit.edu/~andoni/s17_advanced/algorithms/mainSpace/files/scribe2.pdf},
  urldate   = {2021-08-22},
}

@Misc{Redis,
  author    = {Krishnan Chandra},
  title     = {View Counting at Reddit},
  year      = {2017},
  urldate   = {2021-08-30},
  url       = {https://redditblog.com/2017/05/24/view-counting-at-reddit}
}